<record><leader>00000cas a22000007a 4500</leader><controlfield tag="001">13461827</controlfield><controlfield tag="008">860421d19801981nvuwr ne      0    0eng d</controlfield><datafield ind1=" " ind2=" " tag="010"><subfield code="a">sn 86076024 </subfield></datafield><datafield ind1=" " ind2=" " tag="040"><subfield code="a">NNX</subfield><subfield code="b">eng</subfield><subfield code="c">NNX</subfield><subfield code="d">OCLCQ</subfield></datafield><datafield ind1=" " ind2=" " tag="042"><subfield code="a">msc</subfield></datafield><datafield ind1="0" ind2=" " tag="130"><subfield code="a">Valley herald (Overton, Nev.)</subfield></datafield><datafield ind1="1" ind2="0" tag="245"><subfield code="a">Valley herald.</subfield></datafield><datafield ind1=" " ind2=" " tag="260"><subfield code="a">Overton, Nev. :</subfield><subfield code="b">J.L. Bishop,</subfield><subfield code="c">1980-1981.</subfield></datafield><datafield ind1=" " ind2=" " tag="300"><subfield code="a">2 v. :</subfield><subfield code="b">ill.</subfield></datafield><datafield ind1=" " ind2=" " tag="310"><subfield code="a">Weekly</subfield></datafield><datafield ind1="0" ind2=" " tag="362"><subfield code="a">Vol. 5, no. 8 (Apr. 2, 1980)-v. 6, no. 25 (June 25, 1981).</subfield></datafield><datafield ind1=" " ind2=" " tag="530"><subfield code="a">Microfilm available from Southwest Films.</subfield></datafield><datafield ind1=" " ind2=" " tag="752"><subfield code="a">United States</subfield><subfield code="b">Nevada</subfield><subfield code="c">Clark</subfield><subfield code="d">Overton.</subfield></datafield><datafield ind1="0" ind2="0" tag="780"><subfield code="t">Moapa Valley herald</subfield><subfield code="w">(DLC)sn 86076023</subfield><subfield code="w">(OCoLC)13461773</subfield></datafield><datafield ind1="0" ind2="7" tag="785"><subfield code="t">Lake Mead monitor</subfield><subfield code="w">(DLC)sn 86076026</subfield><subfield code="w">(OCoLC)13461798</subfield></datafield><datafield ind1="0" ind2="7" tag="785"><subfield code="t">Valley herald and Lake Mead monitor</subfield><subfield code="w">(DLC)sn 86076025</subfield><subfield code="w">(OCoLC)13461845</subfield></datafield></record>